<?xml version="1.0" encoding="UTF-8"?><collection xmlns="http://www.loc.gov/MARC21/slim"><record><leader>00380nam--2200133-i-4500</leader><controlfield tag="001">000026001</controlfield><controlfield tag="002">20161230</controlfield><controlfield tag="005">20161230201036</controlfield><controlfield tag="008">060222s1000------------r-----000-0-eng-d</controlfield><datafield ind1=" " ind2=" " tag="080"><subfield code="a">621.039.6:535.9(07)</subfield></datafield><datafield ind1=" " ind2=" " tag="100"><subfield code="a">Kammash, Terry</subfield></datafield><datafield ind1=" " ind2=" " tag="245"><subfield code="a">Fusion reactor phusics. principles and technology</subfield></datafield><datafield ind1=" " ind2=" " tag="260"><subfield code="a">Copyright, Ann Arbor Science Publ., Inc., 1975, Xiii + 495p</subfield></datafield><datafield ind1=" " ind2=" " tag="852"><subfield code="a">43176</subfield></datafield></record></collection>